
@misc{bryan2017,
	title = {Project-oriented workflow},
	author = {Bryan, Jenny},
	year = {2017},
	date = {2017},
	url = {https://www.tidyverse.org/blog/2017/12/workflow-vs-script/},
	langid = {en-us}
}
