
@misc{positsupport2024,
	title = {Code Folding and Sections in the RStudio IDE},
	author = {Posit Support, },
	year = {2024},
	date = {2024},
	url = {https://support.posit.co/hc/en-us/articles/200484568-Code-Folding-and-Sections-in-the-RStudio-IDE}
}
